@String(PAMI = {IEEE Trans. Pattern Anal. Mach. Intell.})
@String(IJCV = {Int. J. Comput. Vis.})
@String(CVPR= {IEEE Conf. Comput. Vis. Pattern Recog.})
@String(ICCV= {Int. Conf. Comput. Vis.})
@String(ECCV= {Eur. Conf. Comput. Vis.})
@String(NIPS= {Adv. Neural Inform. Process. Syst.})
@String(ICPR = {Int. Conf. Pattern Recog.})
@String(BMVC= {Brit. Mach. Vis. Conf.})
@String(TOG= {ACM Trans. Graph.})
@String(TIP  = {IEEE Trans. Image Process.})
@String(TVCG  = {IEEE Trans. Vis. Comput. Graph.})
@String(TMM  = {IEEE Trans. Multimedia})
@String(ACMMM= {ACM Int. Conf. Multimedia})
@String(ICME = {Int. Conf. Multimedia and Expo})
@String(ICASSP=	{ICASSP})
@String(ICIP = {IEEE Int. Conf. Image Process.})
@String(ACCV  = {ACCV})
@String(ICLR = {Int. Conf. Learn. Represent.})
@String(IJCAI = {IJCAI})
@String(PR   = {Pattern Recognition})
@String(AAAI = {AAAI})
@String(CVPRW= {IEEE Conf. Comput. Vis. Pattern Recog. Worksh.})
@String(CSVT = {IEEE Trans. Circuit Syst. Video Technol.})

@String(SPL	= {IEEE Sign. Process. Letters})
@String(VR   = {Vis. Res.})
@String(JOV	 = {J. Vis.})
@String(TVC  = {The Vis. Comput.})
@String(JCST  = {J. Comput. Sci. Tech.})
@String(CGF  = {Comput. Graph. Forum})
@String(CVM = {Computational Visual Media})


@String(PAMI  = {IEEE TPAMI})
@String(IJCV  = {IJCV})
@String(CVPR  = {CVPR})
@String(ICCV  = {ICCV})
@String(ECCV  = {ECCV})
@String(NIPS  = {NeurIPS})
@String(ICPR  = {ICPR})
@String(BMVC  =	{BMVC})
@String(TOG   = {ACM TOG})
@String(TIP   = {IEEE TIP})
@String(TVCG  = {IEEE TVCG})
@String(TCSVT = {IEEE TCSVT})
@String(TMM   =	{IEEE TMM})
@String(ACMMM = {ACM MM})
@String(ICME  =	{ICME})
@String(ICASSP=	{ICASSP})
@String(ICIP  = {ICIP})
@String(ACCV  = {ACCV})
@String(ICLR  = {ICLR})
@String(IJCAI = {IJCAI})
@String(PR = {PR})
@String(AAAI = {AAAI})
@String(CVPRW= {CVPRW})
@String(CSVT = {IEEE TCSVT})



 
@misc{gulati2020conformer,
      title={Conformer: Convolution-augmented Transformer for Speech Recognition}, 
      author={Anmol Gulati and James Qin and Chung-Cheng Chiu and Niki Parmar and Yu Zhang and Jiahui Yu and Wei Han and Shibo Wang and Zhengdong Zhang and Yonghui Wu and Ruoming Pang},
      year={2020},
      eprint={2005.08100},
      archivePrefix={arXiv},
      primaryClass={eess.AS},
      url={https://arxiv.org/abs/2005.08100},
}


@article{luqman2022efficient, 
           title={ An Efficient Two-Stream Network for Isolated Sign Language Recognition Using Accumulative Video Motion }, 
           author={ Luqman, Hamzah },
          journal={IEEE Access},
          volume={10},
           pages={93785--93798},
           year={2022},
           publisher={IEEE}
           }




@misc{alyami2025isharahlargescalemultiscenedataset,

title={Isharah: A Large-Scale Multi-Scene Dataset for Continuous Sign Language Recognition},

author={Sarah Alyami and Hamzah Luqman and Sadam Al-Azani and Maad Alowaifeer and Yazeed Alharbi and Yaser Alonaizan},

year={2025},

eprint={2506.03615},

archivePrefix={arXiv},

primaryClass={cs.CV},

url={https://arxiv.org/abs/2506.03615},

}


@inproceedings{deng2020dbscan,
  author={Deng, Dingsheng},
  booktitle={2020 7th International Forum on Electrical Engineering and Automation (IFEEA)}, 
  title={DBSCAN Clustering Algorithm Based on Density}, 
  year={2020},
  publisher={IEEE},
  doi={10.1109/IFEEA51475.2020.00199},
  url={https://doi.org/10.1109/IFEEA51475.2020.00199}
}


@article{nakatsu1982longest,
  author  = {Nakatsu, Narao and Kambayashi, Yahiko and Yajima, Shuzo},
  title   = {A longest common subsequence algorithm suitable for similar text strings},
  journal = {Acta Informatica},
  volume  = {18},
  pages   = {171--179},
  year    = {1982},
  month   = {November},
  doi     = {10.1007/BF00264437},
  url     = {https://doi.org/10.1007/BF00264437}
}


@inproceedings{young1994detecting,
  author    = {Young, S.R.},
  booktitle = {Proceedings of ICASSP '94. IEEE International Conference on Acoustics, Speech and Signal Processing}, 
  title     = {Detecting misrecognitions and out-of-vocabulary words}, 
  year      = {1994},
  publisher = {IEEE},
  doi       = {10.1109/ICASSP.1994.389728},
  url       = {https://doi.org/10.1109/ICASSP.1994.389728}
}

@inproceedings{wigington2019multilabel,
  author    = {Wigington, Curtis and Price, Brian and Cohen, Scott},
  booktitle = {2019 International Conference on Document Analysis and Recognition (ICDAR)}, 
  title     = {Multi-label Connectionist Temporal Classification}, 
  year      = {2019},
  publisher = {IEEE},
  doi       = {10.1109/ICDAR.2019.00161},
  url       = {https://doi.org/10.1109/ICDAR.2019.00161}
}
@inproceedings{thoker2021skeleton,
  author    = {Thoker, Fida Mohammad and Doughty, Hazel and Snoek, Cees G.M.},
  title     = {Skeleton-Contrastive 3D Action Representation Learning},
  booktitle = {Proceedings of the 29th ACM International Conference on Multimedia (MM '21)},
  year      = {2021},
  publisher = {ACM},
  address   = {New York, NY, USA},
  pages     = {13},
  doi       = {10.1145/3474085.3475307},
  isbn      = {978-1-4503-8651-7}
}


@book{torres2014automatic,
  author    = {Torres-Moreno, Juan-Manuel},
  title     = {Automatic Text Summarization},
  year      = {2014},
  publisher = {ISTE Ltd and John Wiley \& Sons, Inc.},
  address   = {London, UK and Hoboken, NJ},
  isbn      = {978-1-84821-668-6}
}

@inproceedings{camgoz2018neural,
  title={Neural sign language translation},
  author={Camg{\"o}z, Necati Cihan and Hadfield, Simon and Koller, Oscar and Ney, Hermann and Bowden, Richard},
  booktitle={Proceedings of the IEEE conference on computer vision and pattern recognition (CVPR)},
  year={2018},
  address={Salt Lake City, UT}
}

@misc{SignforAll2025,
  author    = {Alhejab, Ali and Alkanhal, Lamya and Zelezny, Tomas and Straka, Jakub and Almutaani, Badria and Gruber, Ivan and Hruz, Marek and Luqman, Hamzah and Alowaifeer, Maad and Alyami, Sarah and Al-Azani, Sadam and Alharbi, Yazeed and Ali, Ahmed},
  title     = {The SignforAll 2025 Challenge},
  year      = {2025},
  howpublished = {\url{https://signforall.github.io/challenge/}},
  note      = {Accessed: 2025-06-29. To be featured in the IEEE International Workshop on Machine Learning for Signal Processing (MLSP) 2025}
}
 @online{who2025deafness,
  author    = {{World Health Organization}},
  title     = {Deafness and hearing loss},
  year      = {2025},
  month     = {February},
  url       = {https://www.who.int/news-room/fact-sheets/detail/deafness-and-hearing-loss},
  urldate   = {2025-06-29},
  note      = {Fact Sheet}
}

@article{huang2024video,
  author  = {Huang, Jiayu and Chouvatut, Varin},
  title   = {Video-Based Sign Language Recognition via ResNet and LSTM Network},
  journal = {Journal of Imaging},
  year    = {2024},
  volume  = {10},
  number  = {6},
  pages   = {149},
  month   = {June},
  doi     = {10.3390/jimaging10060149},
  url     = {https://doi.org/10.3390/jimaging10060149}
}


@inproceedings{Sarhan_2023_ICCV,
    author    = {Noha Sarhan and Simone Frintrop},
    title     = {Unraveling a Decade: A Comprehensive Survey on Isolated Sign Language Recognition},
    booktitle = {Proceedings of the IEEE/CVF International Conference on Computer Vision (ICCV) Workshops},
    month     = {October},
    year      = {2023},
    pages     = {3210-3219}
}

@INPROCEEDINGS{luqmanArabsign2023, 
   author={Luqman, Hamzah},  
   title={ArabSign: A Multi-modality Dataset and Benchmark for Continuous Arabic Sign Language Recognition}, 
   booktitle={2023 IEEE 17th International Conference on Automatic Face and Gesture Recognition (FG)},  
   year={2023},  
   volume={},  
   number={},  
   pages={1-8},  
   doi={10.1109/FG57933.2023.10042720}
}   

@Article{electronics10141739,
                    AUTHOR = {Luqman, Hamzah and El-Alfy, El-Sayed M.},
                    TITLE = {Towards Hybrid Multimodal Manual and Non-Manual Arabic Sign Language Recognition: mArSL Database and Pilot Study},
                    JOURNAL = {Electronics},
                    VOLUME = {10},
                    YEAR = {2021},
                    NUMBER = {14},
                    ARTICLE-NUMBER = {1739},
                    ISSN = {2079-9292},
                    DOI = {10.3390/electronics10141739}
                    }    

@inproceedings{almohimeed2010arabic,
  title={An Arabic Sign Language Corpus for Instructional Language in School},
  author={Almohimeed, A. and Wald, M. and Damper, R.},
  booktitle={Proceedings of the 4th Workshop on the Representation and Processing of Sign Languages: Corpora and Sign Language Technologies, held at the 7th International Conference on Language Resources and Evaluation (LREC 2010)},
  pages={81--84},
  year={2010},
  month={May},
  address={Valletta, Malta},
  publisher={European Language Resources Association (ELRA)},
  url={https://www.sign-lang.uni-hamburg.de/lrec/pub/10025.pdf},
  note={Accessed on July 1, 2025},
  corpus_id={61104698}
}

@misc{boulesnane2024aslad,
  author    = {Boulesnane, Abdennour and Bellil, Lyna and Ghouzlen GHIRI, Maissoun},
  title     = {{ASLAD-190K: Arabic Sign Language Alphabet Dataset consisting of 190,000 Images}},
  publisher = {Mendeley Data},
  year      = {2024},
  month     = {sep},
  version   = {2},
  doi       = {10.17632/2fgpn5dwgc.2},
  url       = {https://doi.org/10.17632/2fgpn5dwgc.2}
}

@misc{latif2018arabic,
  author    = {Latif, Ghazanfar and Alghazo, Jaafar and Mohammad, Nazeeruddin and AlKhalaf, Roaa and AlKhalaf, Rawan},
  title     = {{Arabic Alphabets Sign Language Dataset (ArASL)}},
  publisher = {Mendeley Data},
  year      = {2018},
  month     = {nov},
  version   = {1},
  doi       = {10.17632/y7pckrw6z2.1},
  url       = {https://doi.org/10.17632/y7pckrw6z2.1}
}

@inproceedings{mslr2025,
  author       = {Luqman, Hamzah and Palazzo, Simone and Alowaifeer, Maad and Mineo, Raffaele},
  title        = {Multimodal Sign Language Recognition (MSLR) Workshop},
  booktitle    = {Proceedings of the IEEE/CVF International Conference on Computer Vision (ICCV) Workshops},
  year         = {2025},
  address      = {Honolulu, Hawai'i, USA},
  month        = {October},
  organization = {IEEE/CVF},
  url          = {https://iccv-mslr-2025.github.io/MSLR/}
}

@article{sidig2021karsl, 
           title={KArSL: Arabic Sign Language Database}, 
           author={Sidig, Ala Addin I and Luqman, Hamzah and Mahmoud, Sabri and Mohandes, Mohamed},
            journal={ACM Transactions on Asian and Low-Resource Language Information Processing (TALLIP)}, 
           volume={20}, 
           number={1}, 
           pages={1--19}, 
           year={2021}, 
           publisher={ACM New York, NY, USA} 
           }


@proceedings{49414,title	= {Conformer: Convolution-augmented Transformer for Speech Recognition},editor	= {Anmol Gulati and Chung-Cheng Chiu and James Qin and Jiahui Yu and Niki Parmar and Ruoming Pang and Shibo Wang and Wei Han and Yonghui Wu and Yu Zhang and Zhengdong Zhang},year	= {2020}}

@misc{yang2025hierarchical,
      title={Hierarchical Sub-action Tree for Continuous Sign Language Recognition}, 
      author={Dejie Yang and Zhu Xu and Xinjie Gao and Yang Liu},
      year={2025},
      eprint={2506.20947},
      archivePrefix={arXiv},
      primaryClass={cs.CV},
      note={License: CC BY 4.0}
}


@article{aloysius2025optimized,
  author={Aloysius, Neena and M, Geetha and Nedungadi, Prema},
  title={Optimized Multi-Modal Conformer-Based Framework for Continuous Sign Language Recognition},
  journal={IEEE Open Journal of the Computer Society},
  year={2025},
  volume={6},
  pages={739--749},
  doi={10.1109/OJCS.2025.3564828}
}


@misc{aloysius2024continuous,
      title={Continuous Sign Language Recognition with Adapted Conformer via Unsupervised Pretraining}, 
      author={Neena Aloysius and Geetha M and Prema Nedungadi},
      year={2024},
      eprint={2405.12018},
      archivePrefix={arXiv},
      primaryClass={cs.CV},
      doi={10.48550/arXiv.2405.12018}
}


% equations 

@article{park2019specaugment,
  title={SpecAugment: A Simple Data Augmentation Method for Automatic Speech Recognition},
  author={Park, Daniel S and Chan, William and Zhang, Yu and Chiu, Chung-Cheng and Zoph, Barret and Cubuk, Ekin D and Le, Quoc V},
  journal={arXiv preprint arXiv:1904.08779},
  year={2019}
}

@article{graves2006connectionist,
  title={Connectionist temporal classification: labelling unsegmented sequence data with recurrent neural networks},
  author={Graves, Alex and Fern{\'a}ndez, Santiago and Gomez, Faustino and Schmidhuber, J{\"u}rgen},
  journal={Proceedings of the 23rd international conference on Machine learning},
  pages={369--376},
  year={2006}
}
 

@inproceedings{paszke2019pytorch,
  title={PyTorch: An imperative style, high-performance deep learning library},
  author={Paszke, Adam and Gross, Sam and Massa, Francisco and Lerer, Adam and Bradbury, James and Chanan, Gregory and Killeen, Trevor and Lin, Zeming and Gimelshein, Natalia and Antiga, Luca and others},
  booktitle={Advances in neural information processing systems},
  pages={8024--8035},
  year={2019}
}

@article{srivastava2014dropout,
  title={Dropout: a simple way to prevent neural networks from overfitting},
  author={Srivastava, Nitish and Hinton, Geoffrey and Krizhevsky, Alex and Sutskever, Ilya and Salakhutdinov, Ruslan},
  journal={The journal of machine learning research},
  volume={15},
  number={1},
  pages={1929--1958},
  year={2014}
}

@inproceedings{loshchilov2017decoupled,
  title={Decoupled weight decay regularization},
  author={Loshchilov, Ilya and Hutter, Frank},
  booktitle={International Conference on Learning Representations},
  year={2017}
}

@inproceedings{loshchilov2016sgdr,
  title={SGDR: Stochastic gradient descent with warm restarts},
  author={Loshchilov, Ilya and Hutter, Frank},
  booktitle={International Conference on Learning Representations},
  year={2016}
}

@article{park2019specaugment,
  title={SpecAugment: A simple data augmentation method for automatic speech recognition},
  author={Park, Daniel S and Chan, William and Zhang, Yu and Chiu, Chung-Cheng and Zoph, Barret and Cubuk, Ekin D and Le, Quoc V},
  journal={arXiv preprint arXiv:1904.08779},
  year={2019}
}

@article{levenshtein1966binary,
  title={Binary codes capable of correcting deletions, insertions, and reversals},
  author={Levenshtein, Vladimir I},
  journal={Soviet physics doklady},
  volume={10},
  number={8},
  pages={707--710},
  year={1966}
}

@article{morris2004and,
  title={From WER and RIL to MER and WIL: improved evaluation measures for connected speech recognition},
  author={Morris, Andrew C and Maier, Viktoria and Green, Phil},
  journal={Proceedings of the 8th International Conference on Spoken Language Processing},
  year={2004}
}

@inproceedings{graves2006connectionist,
  title={Connectionist temporal classification: labelling unsegmented sequence data with recurrent neural networks},
  author={Graves, Alex and Fern{\'a}ndez, Santiago and Gomez, Faustino and Schmidhuber, J{\"u}rgen},
  booktitle={Proceedings of the 23rd international conference on Machine learning},
  pages={369--376},
  year={2006}
}

@inproceedings{pu2019iterative,
  title={Iterative alignment network for continuous sign language recognition},
  author={Pu, Junfu and Zhou, Wengang and Li, Houqiang},
  booktitle={Proceedings of the IEEE/CVF Conference on Computer Vision and Pattern Recognition},
  pages={4165--4174},
  year={2019}
}

@inproceedings{gulati2020conformer,
  title={Conformer: Convolution-augmented transformer for speech recognition},
  author={Gulati, Anmol and Qin, James and Chiu, Chung-Cheng and Parmar, Niki and Zhang, Yu and Yu, Jiahui and Han, Wei and Wang, Shibo and Zhang, Zhengdong and Wu, Yonghui and others},
  booktitle={arXiv preprint arXiv:2005.08100},
  year={2020}
}


@inproceedings{vaswani2017attention,
  title={Attention is all you need},
  author={Vaswani, Ashish and Shazeer, Noam and Parmar, Niki and Uszkoreit, Jakob and Jones, Llion and Gomez, Aidan N and Kaiser, {4}ukasz and Polosukhin, Illia},
  booktitle={Advances in neural information processing systems},
  pages={5998--6008},
  year={2017}
}

@misc{preprocessing_keypoint_sign,
    title={Preprocessing for Keypoint-Based Sign Language Recognition},
    author={},
    year={2025},
    howpublished={Semantic Scholar},
    url={https://pdfs.semanticscholar.org/f3cf/3abeb122b131df02893c8ee51c56d1c08f9f.pdf},

}
